@online{abc,
  author = {Ben Pakcer, PhD},
  title = {What is an eigenvector of a covariance matrix?},
  year = 2013,
  url = {https://www.quora.com/What-is-an-eigenvector-of-a-covariance-matrix},
  urldate = {07/10/2015}
}