{\rtf1}
@Article{MackeyGlass,
author = {M.C.Mackey and L.Glass},
title = {"Oscillation and chaos in physiological control systems,"},
journal = {Science},
year = {1977},
OPTvolume = {197},
OPTnumber = {4300},
OPTpages = {387--390}
}